<?xml version="1.0" encoding="UTF-8"?><collection xmlns="http://www.loc.gov/MARC21/slim"><record><leader>00357nam--2200121-i-4500</leader><controlfield tag="001">000026528</controlfield><controlfield tag="002">20161230</controlfield><controlfield tag="005">20161230201036</controlfield><controlfield tag="008">060222s1000------------r-----000-0-eng-d</controlfield><datafield ind1=" " ind2=" " tag="080"><subfield code="a">543.422.8:548(083)</subfield></datafield><datafield ind1=" " ind2=" " tag="245"><subfield code="a">International tables for x-ray crystallography. vol.3: physical and chemical tables</subfield></datafield><datafield ind1=" " ind2=" " tag="260"><subfield code="a">Birmingham, The Kynoch Press, 1974</subfield></datafield><datafield ind1=" " ind2=" " tag="852"><subfield code="a">10496</subfield></datafield></record></collection>